%Behringer, R.: Registration for outdoor augmented reality applications using computer vision techniques and hybrid sensors, In Proc. IEEE VR'99, Houston, Texas, USA, March 13-17 1999.

%Chippendale, P., Zanin, M., & Andreatta, C. (2008). Spatial and Temporal Attractiveness Analysis through Geo-Referenced Photo Alignment. Paper presented at the IEEE International Geoscience & Remote Sensing Symposium, Boston, Massachusetts, U.S.A. July 6-11, 2008.

%Chippendale, P., Zanin, M., and Andreatta, C. 2009. Environmental Content Creation and Visualisation in the `Future Internet'. In Future internet --- FIS 2008: First Future internet Symposium, FIS 2008 Vienna, Austria, September 29-30, 2008 Revised Selected Papers, J. Domingue, D. Fensel, and P. Traverso, Eds. Lecture Notes In Computer Science, vol. 5468. Springer-Verlag, Berlin, Heidelberg, 82-93. DOI= http://dx.doi.org/10.1007/978-3-642-00985-3_7 


%Farr, T. G., et al. (2007), The Shuttle Radar Topography Mission, Rev. Geophys., 45, RG2004, doi:10.1029/2005RG000183.

%Feiner, S., MacIntyre, B., Hollerer, T., and Webster, A. 1997. A Touring Machine: Prototyping 3D Mobile Augmented Reality Systems for Exploring the Urban Environment. In Proceedings of the 1st IEEE international Symposium on Wearable Computers (October 13 - 14, 1997). ISWC. IEEE Computer Society, Washington, DC, 74.

%McAndrew, A. 2004. Introduction to Digital Image Processing with MATLAB. Thomson Learning, Inc., Boston, Massachusetts.
@BOOK{McAndrew:Matlab,
	AUTHOR = "Alasdair McAndrew",
	TITLE = "Introduction to Digital Image Processing with MATLAB",
	PUBLISHER = "Thomson Learning, Inc.",
	ADDRESS = "Boston, Massachussetts",
	YEAR = "2004"	}
%Oppenheim, A., Schafer, R. 1975. Digital Signal Processing. Prentice-Hall, Inc., Englewood Cliffs, New Jersey.
@BOOK{Schafer:DSP,
	AUTHOR = "Alan V. Oppenheim and Ronald W. Schafer",
	TITLE = "Digital Signal Processing",
	PUBLISHER = "Prentice-Hall, Inc.",
	ADDRESS = "Englewood Cliffs, New Jersey",
	YEAR = "1975"	}

%T. HÃ¶llerer and S. Feiner. Mobile augmented reality. In H. Karimi and A. Hammad, editors, Telegeoinformatics: Location-Based Computing and Services. Taylor and Francis Books Ltd., London, UK, 2004.


