@conference{vigna2004testing,
  title={{Testing network-based intrusion detection signatures using mutant exploits}},
  author={Vigna, G. and Robertson, W. and Balzarotti, D.},
  booktitle={Proceedings of the 11th ACM conference on Computer and communications security},
  pages={21--30},
  isbn={1581139616},
  year={2004},
  organization={ACM}
}
